<?xml version="1.0" encoding="UTF-8"?><collection xmlns="http://www.loc.gov/MARC21/slim"><record><leader>00532nam--2200169-i-4500</leader><controlfield tag="001">000010478</controlfield><controlfield tag="002">20161230</controlfield><controlfield tag="005">20161230201028</controlfield><controlfield tag="008">060222s1000------------r-----000-0-eng-d</controlfield><datafield ind1=" " ind2=" " tag="040"><subfield code="a">IFIN-HH</subfield></datafield><datafield ind1=" " ind2=" " tag="080"><subfield code="a">015:539.163:546.862</subfield></datafield><datafield ind1="1" ind2=" " tag="100"><subfield code="a">Atalay, Bulant Ismail</subfield></datafield><datafield ind1="1" ind2="0" tag="245"><subfield code="a">Intermediate coupling calculations on the odd -mass isotopes of indium</subfield><subfield code="b">Dissertation</subfield><subfield code="c">Bulant ismail atalay</subfield></datafield><datafield ind1=" " ind2=" " tag="260"><subfield code="a">Ann Abor, Michigan</subfield><subfield code="b">University Microfilms</subfield><subfield code="c">1971</subfield></datafield><datafield ind1=" " ind2=" " tag="300"><subfield code="a">VIII + 180 P</subfield></datafield><datafield ind1=" " ind2=" " tag="852"><subfield code="a">37842</subfield><subfield code="c">539.163</subfield></datafield><datafield ind1=" " ind2=" " tag="CAT"><subfield code="a">Sys</subfield><subfield code="c">20120517</subfield><subfield code="h">202120</subfield></datafield></record></collection>